<?xml version="1.0" encoding="UTF-8"?>
<marc:collection xmlns:marc="http://www.loc.gov/MARC21/slim" xmlns:xsi="http://www.w3.org/2001/XMLSchema-instance" xsi:schemaLocation="http://www.loc.gov/MARC21/slim http://www.loc.gov/standards/marcxml/schema/MARC21slim.xsd">
   <marc:record type="Bibliographic">
      <marc:leader>01941cam a2200385 a 4500</marc:leader>
      <marc:controlfield tag="001">934832</marc:controlfield>
      <marc:controlfield tag="003">NjP</marc:controlfield>
      <marc:controlfield tag="005">20161101180056.0</marc:controlfield>
      <marc:controlfield tag="008">941202s1990    ir       b    001 0 ara d</marc:controlfield>
      <marc:datafield tag="024" ind1="7" ind2=" ">
         <marc:subfield code="a">princeton_aco001095</marc:subfield>
         <marc:subfield code="2">local</marc:subfield>
      </marc:datafield>
      <marc:datafield tag="035" ind1=" " ind2=" ">
         <marc:subfield code="a">(OCoLC)ocn176316425</marc:subfield>
      </marc:datafield>
      <marc:datafield tag="035" ind1=" " ind2=" ">
         <marc:subfield code="a">(OCoLC)176316425</marc:subfield>
      </marc:datafield>
      <marc:datafield tag="035" ind1=" " ind2=" ">
         <marc:subfield code="a">(CStRLIN)NJPG94-B72940</marc:subfield>
      </marc:datafield>
      <marc:datafield tag="035" ind1=" " ind2=" ">
         <marc:subfield code="9">CBN0252TS</marc:subfield>
      </marc:datafield>
      <marc:datafield tag="035" ind1=" " ind2=" ">
         <marc:subfield code="a">(NjP)934832</marc:subfield>
      </marc:datafield>
      <marc:datafield tag="040" ind1=" " ind2=" ">
         <marc:subfield code="a">NjP</marc:subfield>
         <marc:subfield code="c">PUL</marc:subfield>
         <marc:subfield code="d">PUL</marc:subfield>
      </marc:datafield>
      <marc:datafield tag="049" ind1=" " ind2=" ">
         <marc:subfield code="a">PULL</marc:subfield>
      </marc:datafield>
      <marc:datafield tag="079" ind1=" " ind2=" ">
         <marc:subfield code="a">ocm31707218</marc:subfield>
      </marc:datafield>
      <marc:datafield tag="100" ind1="1" ind2=" ">
         <marc:subfield code="6">880-01</marc:subfield>
         <marc:subfield code="a">Sharīf al-Murtaḍá, ʻAlam al-Hudá ʻAlī ibn al-Ḥusayn,</marc:subfield>
         <marc:subfield code="d">966-1044 or 1045.</marc:subfield>
         <marc:subfield code="0">(uri)http://id.loc.gov/authorities/names/n85009623</marc:subfield>
      </marc:datafield>
      <marc:datafield tag="245" ind1="1" ind2="3">
         <marc:subfield code="6">880-02</marc:subfield>
         <marc:subfield code="a">al-Dhakhīrah fī ʻilm al-kalām /</marc:subfield>
         <marc:subfield code="c">taʼlīf al-Sharīf al-Murtaḍá ʻAlam al-Hudá ʻAlī ibn al-Ḥusayn al-Mūsawī al-Baghdādī ; taḥqīq Aḥmad al-Ḥusaynī.</marc:subfield>
      </marc:datafield>
      <marc:datafield tag="260" ind1=" " ind2=" ">
         <marc:subfield code="6">880-03</marc:subfield>
         <marc:subfield code="a">Qum :</marc:subfield>
         <marc:subfield code="b">Muʼassasat al-Nashr al-Islāmī,</marc:subfield>
         <marc:subfield code="c">1411 [1990 or 1991]</marc:subfield>
      </marc:datafield>
      <marc:datafield tag="300" ind1=" " ind2=" ">
         <marc:subfield code="a">644 p. ;</marc:subfield>
         <marc:subfield code="c">24 cm.</marc:subfield>
      </marc:datafield>
      <marc:datafield tag="500" ind1=" " ind2=" ">
         <marc:subfield code="a">"381"</marc:subfield>
      </marc:datafield>
      <marc:datafield tag="504" ind1=" " ind2=" ">
         <marc:subfield code="a">Includes bibliographical references (p. 632-636) and indexes.</marc:subfield>
      </marc:datafield>
      <marc:datafield tag="650" ind1=" " ind2="0">
         <marc:subfield code="a">Islam</marc:subfield>
         <marc:subfield code="x">Doctrines.</marc:subfield>
         <marc:subfield code="0">(uri)http://id.loc.gov/authorities/subjects/sh85068396</marc:subfield>
      </marc:datafield>
      <marc:datafield tag="650" ind1=" " ind2="0">
         <marc:subfield code="a">Islam and state.</marc:subfield>
         <marc:subfield code="0">(uri)http://id.loc.gov/authorities/subjects/sh85068426</marc:subfield>
      </marc:datafield>
      <marc:datafield tag="700" ind1="1" ind2=" ">
         <marc:subfield code="6">880-04</marc:subfield>
         <marc:subfield code="a">Ḥusaynī, Aḥmad.</marc:subfield>
      </marc:datafield>
      <marc:datafield tag="880" ind1="1" ind2=" ">
         <marc:subfield code="6">100-01/r</marc:subfield>
         <marc:subfield code="a">شريف المرتضى، علم الهدى علي بن الحسين،</marc:subfield>
         <marc:subfield code="d">966-1044 or 1045.</marc:subfield>
      </marc:datafield>
      <marc:datafield tag="880" ind1="1" ind2="2">
         <marc:subfield code="6">245-02/r</marc:subfield>
         <marc:subfield code="a">الذخيرة في علم الكلام /تأليف الشريف المرتضى علم الهدى علي بن الحسين الموسوي البغدادي ؛ تحقيق احمد الحسيني.</marc:subfield>
      </marc:datafield>
      <marc:datafield tag="880" ind1=" " ind2=" ">
         <marc:subfield code="6">260-03/r</marc:subfield>
         <marc:subfield code="a">قم :</marc:subfield>
         <marc:subfield code="b">مؤسسة النشر الاسلامي،</marc:subfield>
         <marc:subfield code="c">1411 [1990 or 1991]</marc:subfield>
      </marc:datafield>
      <marc:datafield tag="880" ind1="1" ind2=" ">
         <marc:subfield code="6">700-04/r</marc:subfield>
         <marc:subfield code="a">حسيني، احمد.</marc:subfield>
      </marc:datafield>
      <marc:datafield tag="852" ind1="0" ind2=" ">
         <marc:subfield code="b">nec</marc:subfield>
         <marc:subfield code="h">BP166</marc:subfield>
         <marc:subfield code="i">.S537 1990</marc:subfield>
         <marc:subfield code="p">1074831</marc:subfield>
         <marc:subfield code="x">reclassed from: 2272.689575.329 1990</marc:subfield>
      </marc:datafield>
      <marc:datafield tag="998" ind1=" " ind2=" ">
         <marc:subfield code="a">12/06/94</marc:subfield>
         <marc:subfield code="s">9114</marc:subfield>
         <marc:subfield code="n">NjP</marc:subfield>
         <marc:subfield code="w">NJPG94B72940</marc:subfield>
         <marc:subfield code="d">12/02/94</marc:subfield>
         <marc:subfield code="c">AAH</marc:subfield>
         <marc:subfield code="b">XXX</marc:subfield>
         <marc:subfield code="i">941206</marc:subfield>
         <marc:subfield code="l">NJPG</marc:subfield>
      </marc:datafield>
      <marc:datafield tag="911" ind1=" " ind2=" ">
         <marc:subfield code="a">19941216</marc:subfield>
      </marc:datafield>
      <marc:datafield tag="912" ind1=" " ind2=" ">
         <marc:subfield code="a">19941206000000.0</marc:subfield>
      </marc:datafield>
      <marc:datafield tag="994" ind1=" " ind2=" ">
         <marc:subfield code="a">C0</marc:subfield>
         <marc:subfield code="b">PUL</marc:subfield>
      </marc:datafield>
      <marc:datafield tag="999" ind1=" " ind2=" ">
         <marc:subfield code="a">934832</marc:subfield>
      </marc:datafield>
   </marc:record>
</marc:collection>
